<?xml version="1.0" encoding="UTF-8"?>
<collection xmlns:xsi="http://www.w3.org/2001/XMLSchema-instance" xsi:schemaLocation="http://www.loc.gov/MARC21/slim http://www.loc.gov/standards/marcxml/schema/MARC21slim.xsd" xmlns="http://www.loc.gov/MARC21/slim">
<record>
  <leader>00617cam a22001931  4500</leader>
  <controlfield tag="001">3076921</controlfield>
  <controlfield tag="003">NNC</controlfield>
  <controlfield tag="005">20130426015800.0</controlfield>
  <controlfield tag="008">010829s1883    ua            000 0 ara d</controlfield>
  <datafield tag="035" ind1=" " ind2=" ">
    <subfield code="a">(OCoLC)ocm47864925</subfield>
  </datafield>
  <datafield tag="035" ind1=" " ind2=" ">
    <subfield code="9">ATQ0537CU</subfield>
  </datafield>
  <datafield tag="035" ind1=" " ind2=" ">
    <subfield code="a">(NNC)3076921</subfield>
  </datafield>
  <datafield tag="040" ind1=" " ind2=" ">
    <subfield code="a">ZCU</subfield>
    <subfield code="c">ZCU</subfield>
  </datafield>
  <datafield tag="099" ind1=" " ind2=" ">
    <subfield code="a">893.783</subfield>
    <subfield code="a">Ib7</subfield>
  </datafield>
  <datafield tag="100" ind1="1" ind2=" ">
    <subfield code="a">Ibshīhī, Muḥammad ibn Aḥmad,</subfield>
    <subfield code="d">1388-approximately 1446.</subfield>
  </datafield>
  <datafield tag="245" ind1="1" ind2="0">
    <subfield code="a">Kitāb al-Mustaṭraf fī kull fann mustaẓraf,</subfield>
    <subfield code="c">taʾlīf Shihāb-al-Dīn Aḥmad al-Ibshīhi.</subfield>
  </datafield>
  <datafield tag="260" ind1=" " ind2=" ">
    <subfield code="a">[al-Qāhirah,</subfield>
    <subfield code="b">al-Maṭb. al-Bahīyah,</subfield>
    <subfield code="c">1300 h., 1883 m.]</subfield>
  </datafield>
  <datafield tag="300" ind1=" " ind2=" ">
    <subfield code="a">2 v. in 1.</subfield>
  </datafield>
  <datafield tag="955" ind1=" " ind2=" ">
    <subfield code="b">CU58889221</subfield>
    <subfield code="d">off,glx</subfield>
    <subfield code="e">893.783 Ib7</subfield>
  </datafield>
</record>
</collection>